@article{RefWorks:27,	author={V. C. Gaudet},	year={1996},	title={Genetic programming of logic-based neural networks},	journal={Genetic Algorithms for Pattern Recognition},	pages={315-330}}@inproceedings{RefWorks:28,	author={T. Jebara},	year={2004},	title={Multi-task feature and kernel selection for SVMs},	booktitle={Proceedings of the twenty-first international conference on Machine learning},	publisher={ACM},	pages={55}}@article{RefWorks:30,	author={others modENCODE Consortium},	year={To Appear},	title={Identification of Functional Elements and Regulatory Circuits by Drosophila modENCODE.},	journal={Science}}@inproceedings{RefWorks:29,	author={P. C. Roth and D. C. Arnold and B. P. Miller},	year={2003},	title={MRNet: A software-based multicast/reduction network for scalable tools},	booktitle={Proceedings of the 2003 ACM/IEEE conference on Supercomputing},	publisher={IEEE Computer Society},	pages={21}}@article{RefWorks:26,	author={E. Segal and T. Raveh-Sadka and M. Schroeder and U. Unnerstall and U. Gaul},	year={2008},	title={Predicting expression patterns from regulatory sequence in Drosophila segmentation},	journal={Nature},	volume={451},	number={7178},	pages={535-540}}